<?xml version="1.0" encoding="UTF-8"?><record xmlns="http://www.loc.gov/MARC21/slim" xmlns:cinclude="http://apache.org/cocoon/include/1.0" xmlns:zs="http://www.loc.gov/zing/srw/">
  <leader>00430cz  a2200133n  4500</leader>
  <controlfield tag="001">n  86816517 </controlfield>
  <controlfield tag="003">DLC</controlfield>
  <controlfield tag="005">20080420081536.0</controlfield>
  <controlfield tag="008">860327n| acannaabn          |n aad      </controlfield>
  <datafield tag="010" ind1=" " ind2=" ">
    <subfield code="a">n  86816517 </subfield>
  </datafield>
  <datafield tag="035" ind1=" " ind2=" ">
    <subfield code="a">(OCoLC)oca01540124</subfield>
  </datafield>
  <datafield tag="040" ind1=" " ind2=" ">
    <subfield code="a">DLC</subfield>
    <subfield code="b">eng</subfield>
    <subfield code="c">DLC</subfield>
    <subfield code="d">OCoLC</subfield>
  </datafield>
  <datafield tag="100" ind1="1" ind2=" ">
    <subfield code="a">Sandved, Johannes</subfield>
  </datafield>
  <datafield tag="670" ind1=" " ind2=" ">
    <subfield code="a">nuc86-26670: His Fortolkning til Andre og tredje Mosebok, 1977</subfield>
    <subfield code="b">(hdg. on MH-AH rept.: Sandved, Johannes; usage: Johannes Sandved)</subfield>
  </datafield>
</record>